<?xml version="1.0" encoding="UTF-8"?><collection xmlns="http://www.loc.gov/MARC21/slim"><record><leader>00420nam--2200121-i-4500</leader><controlfield tag="001">000041608</controlfield><controlfield tag="002">20161230</controlfield><controlfield tag="005">20161230201043</controlfield><controlfield tag="008">060222s1000------------r-----000-0-eng-d</controlfield><datafield ind1=" " ind2=" " tag="080"><subfield code="a">672.4:621.87:534-8(094)</subfield></datafield><datafield ind1=" " ind2=" " tag="245"><subfield code="a">Prescriptii tehnice pt.masurarea cu ultrasunete a grosimilor elementelor instalatiilor  mecanice sub presiune si instalatiilor de ridicat cr 30-75</subfield></datafield><datafield ind1=" " ind2=" " tag="260"><subfield code="a">Bucuresti, Ed.Tehnica, 1977, 17p</subfield></datafield><datafield ind1=" " ind2=" " tag="852"><subfield code="a">48</subfield></datafield></record></collection>